% Encoding: UTF-8
@Manual{Kursskript,
  title  = {MSc course: Imaging intracellular transport AG Optobiologie},
  author = {Marina Mikhaylova; Julia Bär},
}

@Article{Ershov_2021,
  author    = {Dmitry Ershov and Minh-Son Phan and Joanna W. Pylvänäinen and St{\'{e}}phane U. Rigaud and Laure Le Blanc and Arthur Charles-Orszag and James R. W. Conway and Romain F. Laine and Nathan H. Roy and Daria Bonazzi and Guillaume Dum{\'{e}}nil and Guillaume Jacquemet and Jean-Yves Tinevez},
  title     = {Bringing {TrackMate} into the era of machine-learning and deep-learning},
  year      = {2021},
  month     = {sep},
  doi       = { doi:10.1101/2021.09.03.458852},
  publisher = {Cold Spring Harbor Laboratory},
}

@Article{Tinevez_2017,
  author    = {Jean-Yves Tinevez and Nick Perry and Johannes Schindelin and Genevieve M. Hoopes and Gregory D. Reynolds and Emmanuel Laplantine and Sebastian Y. Bednarek and Spencer L. Shorte and Kevin W. Eliceiri},
  journal   = {Methods},
  title     = {{TrackMate}: An open and extensible platform for single-particle tracking},
  year      = {2017},
  month     = {feb},
  pages     = {80--90},
  volume    = {115},
  doi       = { doi:10.1016/j.ymeth.2016.09.016},
  publisher = {Elsevier {BV}},
}

@article{seet2006reading,
  title={Reading protein modifications with interaction domains},
  author={Seet, Bruce T and Dikic, Ivan and Zhou, Ming-Ming and Pawson, Tony},
  journal={Nature reviews Molecular cell biology},
  volume={7},
  number={7},
  pages={473--483},
  year={2006},
  publisher={Nature Publishing Group}
}

@article{bar2022direct,
  title={Direct and indirect effects of tubulin post-translational modifications on microtubule stability: Insights and regulations},
  author={B{\"a}r, Julia and Popp, Yannes and Bucher, Michael and Mikhaylova, Marina},
  journal={Biochimica et Biophysica Acta (BBA)-Molecular Cell Research},
  pages={119241},
  year={2022},
  publisher={Elsevier}
}

@book{sackmann2010lehrbuch,
  title={Lehrbuch der Biophysik},
  author={Sackmann, Erich and Merkel, Rudolf},
  year={2010},
  publisher={Wiley-VCH Weinheim}
}

@Comment{jabref-meta: databaseType:bibtex;}
